
@misc{ bruto,
       title = "Calculadora de sueldo neto 2024",
       author = "Banco Santander",
       howpublished = "\url{https://www.bancosantander.es/particulares/cuentas-tarjetas/cuentas-corrientes/calculadora-sueldo-neto#:~:text=El%20salario%20bruto%20de%20una,y%20otros%20descuentos%20que%20procedan.}",
       note = "[Consultado el día 29 de mayo de 2024]"
}

@misc{ conexsen,
       title = "Sensor de Presión Diferencial MPX5010dp",
       author = "Arduino Forum",
       howpublished = "\url{https://forum.arduino.cc/t/sensor-de-presion-diferencial-mpx5010dp/441841}",
       note = "[Consultado el día 29 de mayo de 2024]"
}

%ENLACES DE COMPRA 
%SENSOR
@misc{ comprasensor,
       title = "SMPX5010DP - Sensor de Presión, Diferencial, 0 kPa, 10 kPa, 4.75 V, 5.25 V.",
       howpublished = "\url{https://es.farnell.com/nxp/mpx5010dp/ic-pressure-sensor/dp/1555605}",
       note = "[Consultado el día 30 de mayo de 2024]"
}
%MINI BOMBA
@misc{ comprabomba,
       title = "Micro Bomba Sumergible de Agua,Mini Bomba de Agua DC 3V-5V,2pcs Micro Sin Cepillo de la Bomba de Agua,Mini Bomba De Agua Dc,Mini Bomba de Agua Sumergible,Micro de La Bomba de Motor DC+Tubería de Agua",
       howpublished = "\url{https://www.amazon.es/Micro-Bomba-Sumergible-Cepillo-Tuber%C3%ADa/dp/B0CBBZ76V2/ref=asc_df_B0CBBZ76V2/?tag=googshopes-21&linkCode=df0&hvadid=646884543293&hvpos=&hvnetw=g&hvrand=8942551602564902542&hvpone=&hvptwo=&hvqmt=&hvdev=c&hvdvcmdl=&hvlocint=&hvlocphy=1005450&hvtargid=pla-2198870405891&psc=1&mcid=c8703cd253c43761999c538d512c5d8d}",
       note = "[Consultado el día 30 de mayo de 2024]"
}
%RELÉ
@misc{ comprarele,
       title = "AZDelivery 1 Canal KY-019 Modulo Rele 5V High-Level-Trigger Compatible con Arduino con E-Book Incluido!",
       howpublished = "\url{https://www.amazon.es/AZDelivery-KY-019-High-Level-Trigger-Arduino-incluido/dp/B07TYG14N6/ref=sr_1_49_sspa?dib=eyJ2IjoiMSJ9.Qltbi9E0cVqjUvOEt-uOa9A6uedrwRZjgmooa-uMua6QPXaL1FLh5dwuJY\
       yU4n-rWT7CNT3vHi7uWeshN2vFqlLS7LnJsZIot2k0_DeFqr5oqLAhovfdFa7m3JqgnnRt2b3pq9j_mB0xeAeXeI9N_yN5O7PdGaRnp0M-Ixw9Q5QobP35uBy-Ls7_aUndx1-KlseiK63YoBo6njuCKXo6dI027k0nSZaKmCzwG7jY7MVplT8ad1aCq\
       tVcRVk_qfYVK63xKU_TB87RnDv2iczz-tvMdC7UGzCxMwVa6IFV7c8.U0lJY7CjxojGae15EisTiiwG7vyZiH4kgCHM4MlY2Ls&dib_tag=se&keywords=rele%2B5v&qid=1713454938&sr=8-49-spons&sp_csd=d2lkZ2V0TmFtZT1zcF9hdGZfbmV4dA&smid=A1X7QLRQH87QA3&th=1}",
       note = "[Consultado el día 30 de mayo de 2024]"
}

%PORTAPILAS
@misc{ compraporta,
       title = "CABLEPELADO Portapilas con Interruptor ON/Off | Soporte de Batería AA | Incluye Cable de 200mm | Voltaje Total: 4.5V (1.5V por Pila) | Apto para 3 Pilas LR6 AA (FR6, HR6, LR6)",
       howpublished = "\url{https://www.amazon.es/Portapilas-para-Pilas-LR6-Interruptor/dp/B078VR6G4V/ref=asc_df_B07Q25XNJ5/?tag=googshopes-21&linkCode=df0&hvadid=390776048073&hvpos=&hvnetw=g&hvrand=17396638962131983143&hvpone=&hvptwo=&hvqmt=&hvdev=c&hvdvcmdl=&hvlocint=&hvlocphy=1005450&hvtargid=pla-833245007756&mcid=733e5be03c0c3329a0c7a69513e4e4f8&th=1}",
       note = "[Consultado el día 30 de mayo de 2024]"
}

%PLACA ARDUINOUNO R3
@misc{ compraplaca,
       title = "Original Arduino Uno Rev3 [A000066] Produced in Italy",
       howpublished = "\url{https://www.amazon.es/Arduino-UNO-A000066-microcontrolador-ATmega328/dp/B008GRTSV6/ref=asc_df_B008GRTSV6/?tag=googshopes-21&linkCode=df0&hvadid=195213573254&hvpos=&hvnetw=g&hvrand=8051260226840253493&hvpone=&hvptwo=&hvqmt=&hvdev=c&hvdvcmdl=&hvlocint=&hvlocphy=1005450&hvtargid=pla-82806036780&psc=1&mcid=1b04ae29505e3670b2bf976a552ba6e1}",
       note = "[Consultado el día 30 de mayo de 2024]"
}

%PROTOBOARD
@misc{ compraproto,
       title = "AZDelivery MB-102 Mini Breadboard 400 Pin con 4 Barras de alimentación compatibles con Arduino con E-Book Incluido!",
       howpublished = "\url{https://www.amazon.es/AZDelivery-Breadboard-barras-conductoras-Arduino/dp/B07KKJSFM1/ref=sr_1_3?crid=2HGGX78SBJC1S&dib=eyJ2IjoiMSJ9.GIAcUXzt-kSLcrursX0YYFhwlU4gVBxoV5oKKtQKF5DEACpq2JZ_RFIE6nZQV0Y0Lf-NsG4UP1p9ORVKtt3erCNKAdtILM2_qC2WBwgbPZlNELrC5QSSCk4FPacMoplFqQ60CYkapRaGVKDFFQjsfjiQF6\
       lhsT47T6s2fdTAEq4UoqgSMpmAQm7Gh3kFS4RKCa1naRmq0b-VDJVjAXKSIi_1WOwtppYwF3GZNjqPPUwTWPLO-EmZCTlj4BBZB-LxKqY_TlfLMZJ9wah9zRGn00RWwC8noVCNS1e7b_sB6XQ.4PmVvInLWMf-FlQt-du8GY6z6EMYTnUJxlSXBqWX94w&dib_tag=se&keywords=placa%2Bde%2Bpruebas%2Barduino&qid=1714407847&s=computers&sprefix=placa%2Bde%2Bpruebas%2Bar%2Ccomputers%2C190&sr=1-3&th=1}",
       note = "[Consultado el día 30 de mayo de 2024]"
}

%CABLES
@misc{ compracables,
       title = "ELEGOO 120 Piezas de Cable Dupont, 40 Pines Macho-Hembra, 40 Pines Macho-Macho, 40 Pines Hembra-Hembra, Cables Puente para Placas Prototipo (Protoboard) para Arduino",
       howpublished = "\url{https://www.amazon.es/Macho-Hembra-Macho-Macho-Hembra-Hembra-Prototipo-Protoboard/dp/B01NGTXASZ/ref=sr_1_2_sspa?crid=16OPK3IELDDGN&dib=eyJ2IjoiMSJ9.wOaBJOzI_cZllomf0Y8VcB9WnWvIdYOBznARd0SnNB0EXhA9Wk5nIA4EQ0KIx1DxrOMDTk4\
VER7qsXwMfbWoAqwUYCUfTjDTxLoGs93MJjAhWvNPPeHIBA_MoUD7DHk56Cy5g_X4IYleinYiSZOFdspss38DEGi0jmk1tp2IO0XHsRLj5Q78G4\
       SiyvJT0b3MC5N-SL1JakrMXj3ITuvCM7vtCudIcHGPxcGk3r6DgVdgzVCIDPxDP\
yvNJAFU4JXh_ksNgGjL8fKuRocrVxD9f9fWK3tULB5QWRBw9mQUPM.U3d7qx4FYfYV2OBD0UCbxQLRp9jJ4CNbPKK6RTjdie4&dib_tag=se&keywords=cable+arduino&qid=1714407895&s=computers&sprefix=cables+ar%2Ccomputers%2C108&sr=1-2-spons&sp_csd=d2lkZ2V0TmFtZT1zcF9hdGY&psc=1}",
       note = "[Consultado el día 30 de mayo de 2024]"
}

%CABLE USB
@misc{ comprausb,
       title = "MYAMIA 30Cm Azul USB 2.0 Tipo A Macho A Tipo B Macho Poder Transmisión Cable De Datos para Arduino",
       howpublished = "\url{https://www.amazon.es/MYAMIA-Macho-Poder-Transmisi%C3%B3n-Arduino/dp/B07H23N214/ref=sr_1_8?crid=16OPK3IELDDGN&dib=eyJ2IjoiMSJ9.wOaBJOzI_cZllomf0Y8VcB9WnWvIdYOBznARd0SnNB0EXhA9Wk5nIA-4EQ0KIx1DxrOMDT\
k4VER7qsXwMfbWoAqwUYCUfTjDTxLoGs93MJjAhWvNPPeHIBA_MoUD7DHk56Cy5g_X4IYleinYiSZOFdspss38DEGi0jmk1tp2IO0XHsRLj5Q78G\
       4SiyvJT0b3MC5N-SL1JakrMXj3ITuvCM7vtCudIcHGPxcGk3r6DgVdgzVCIDPxD\
PyvNJAFU4JXh_ksNgGjL8fKuRocrVxD9f9fWK3tULB5QWRBw9mQUPM.U3d7qx4FYfYV2OBD0UCbxQLRp9jJ4CNbPKK6RTjdie4&dib_tag=se&keywords=cable+arduino&qid=1714407950&s=computers&sprefix=cables+ar%2Ccomputers%2C108&sr=1-8}",
       note = "[Consultado el día 30 de mayo de 2024]"
}

@article{reglaue,
  title= "Reglamento (UE) 2016/679 del Parlamento Europeo y del Consejo, de 27 de abril de 2016, relativo a la protección de las personas físicas en lo que respecta al tratamiento de datos personales y a la libre circulación de estos datos y por el que se deroga la Directiva 95/46/CE (Reglamento general de protección de datos)",
  author= "EUR-Lex",
  journal= "Diario Oficial de la Unión Europea",
  year= "2016",
  howpublished = "\url{https://eur-lex.europa.eu/legal-content/ES/TXT/?uri=CELEX:32016R0679}",
  note = "[Consultado el día 31 de mayo de 2024]"

}

@article{leyorgdat,
  title= "Ley Orgánica 3/2018, de 5 de diciembre, de Protección de Datos Personales y garantía de los derechos digitales. (BOE-A-2018-16673).",
  author= "BOE",
  journal= "Boletín Oficial del Estado",
  number= "294",
  year= "2018",
  howpublished = "\url{https://www.boe.es/buscar/act.php?id=BOE-A-2018-16673}",
  note = "[Consultado el día 31 de mayo de 2024]"
}

@article{propintec,
  title= "Real Decreto Legislativo 1/1996, de 12 de abril, por el que se aprueba el texto refundido de la Ley de Propiedad Intelectual, regularizando, aclarando y armonizando las disposiciones legales vigentes sobre la materia.",
  author= "BOE",
  journal= "Boletín Oficial del Estado",
  number= "97",
  year= "1996",
  howpublished = "\url{https://www.boe.es/buscar/act.php?id=BOE-A-1996-8930}",
  note = "[Consultado el día 31 de mayo de 2024]"
}
@article{patentes,
  title= "Ley 24/2015, de 24 de julio, de Patentes (BOE-A-2015-8328).",
  author= "BOE",
  journal= "Boletín Oficial del Estado",
  number= "177",
  year= "2015",
  howpublished = "\url{https://www.boe.es/buscar/act.php?id=BOE-A-2015-8328}",
  note = "[Consultado el día 31 de mayo de 2024]"
}

@article{licencias,
  title= "Real Decreto 437/2002, de 10 de mayo, por el que se establecen los criterios para la concesión de licencias de funcionamiento a los fabricantes de productos sanitarios a medida.(BOE-A-2002-10228).",
  author= "BOE",
  journal= "Boletín Oficial del Estado",
  number= "128",
  year= "2002",
  howpublished = "\url{https://www.boe.es/buscar/doc.php?id=BOE-A-2002-10228}",
  note = "[Consultado el día 31 de mayo de 2024]"
}
@article{prod,
  title= "Real Decreto 1591/2009, de 16 de octubre, por el que se regulan los productos sanitarios. (BOE-A-2009-17606).",
  author= "BOE",
  journal= "Boletín Oficial del Estado",
  number= "268",
  year= "2009",
  howpublished = "\url{https://www.boe.es/buscar/doc.php?id=BOE-A-2009-17606}",
  note = "[Consultado el día 31 de mayo de 2024]"
}

@misc{norma,
  title        = "Real Decreto 1591/2009, de 16 de octubre, por el que se regulan los productos sanitarios",
  howpublished = {\url{https://www.boe.es/eli/es/rd/2009/10/16/1591}},
  year         = {2009},
  note         = {Boletín Oficial del Estado, núm. 268, de 06/11/2009, páginas 92123 a 92257},
  note = "[Consultado el día 31 de mayo de 2024]"
}

@article{anexoH-realdecre,
  title= "Real Decreto 822/2021, de 28 de septiembre, por el que se establece la organización de las enseñanzas universitarias y del procedimiento de aseguramiento de su calidad.",
  author= "BOE",
  journal= "Boletín Oficial del Estado",
  number= "233",
  year= "2021",
  howpublished = "\url{https://www.boe.es/buscar/act.php?id=BOE-A-2021-15781.}",
  note = "[Consultado el día 1 de junio de 2024]"
} 

@article{dere-funda,
  title= "Derechos Fundamentales",
  author= "BOE",
  journal= "Boletín Oficial del Estado",
  howpublished = "\url{https://www.boe.es/legislacion/derechos_fundamentales.php}",
  note = "[Consultado el día 1 de junio de 2024]"
} 

@article{dere-hum,
  title= "La Declaración Universal de los Derechos Humanos",
  author= "Naciones Unidas",
  howpublished = "\url{https://www.un.org/es/about-us/universal-declaration-of-human-rights}",
  note = "[Consultado el día 1 de junio de 2024]"
}

@article{ley-igualdad,
  title= "Ley Orgánica 3/2007, de 22 de marzo, para la igualdad efectiva de mujeres y hombres.",
  author= "BOE",
  journal= "Boletín Oficial del Estado",
  number= "71",
  year= "2007",
  howpublished = "\url{https://www.boe.es/buscar/act.php?id=BOE-A-2007-6115}",
  note = "[Consultado el día 1 de junio de 2024]"
} 

@article{ley-cc,
  title= "Ley 7/2021, de 20 de mayo, de cambio climático y transición energética.",
  author= "BOE",
  journal= "Boletín Oficial del Estado",
  number= "121",
  year= "2021",
  howpublished = "\url{https://www.boe.es/diario_boe/txt.php?id=BOE-A-2021-8447}",
  note = "[Consultado el día 1 de junio de 2024]"
} 

@misc{presionhidro,
  title  = "¿Qué es la presión hidrostática?",
  author = "Alberto Valdivielso",
  howpublished = {\url{https://www.iagua.es/respuestas/que-es-presion-hidrostatica}},
  year         = {2024},
  note = "[Consultado el día 3 de junio de 2024]"
}