@misc{comp_normal_hidrocefalia,
  title = "Hidrocefalia",
  author = "Dr. Pablo Somoza",
  year = "2023",
  howpublished = "\url{https://drpablosomoza.es/hidrocefalia/}"
  note = "[Consultado el 8 de mayo de 2024]"
}

@misc{anatomia_cerebro,
  title = "Ventrículos cerebrales",
  author = "Dra. Cinthia Serrano",
  year = "2023",
  howpublished = "\url{https://www.kenhub.com/es/library/anatomiaes/ventriculoscerebrales}",
  note = "[Consultado el 8 de mayo de 2024]"
}

@misc{ventriculos_laterales,
  title = "Hidrocefalia",
  author = "Clínica Mayo",
  year = "2018",
  howpublished = "\url{https://www.mayoclinic.org/es/diseasesconditions/hydrocephalus/multimedia/brain-ventricles/img-20007652}",
  note = "[Consultado el 8 de mayo de 2024]"
}

@misc{ventric,
  title = "El Líquido Cefalorraquídeo",
  author = "Dr. Ramón J. Ferro",
  year = "2012",
  howpublished = "\url{https://www.clinica-unr.com.ar/2015-web/Especiales/56/Especiales_56_Pag_1.htm}",
  note = "[Consultado el 8 de mayo de 2024]"
}

@misc{vellosidad,
  title = "Qué es vellosidad aracnoidea",
  author = " Clínica Universidad de Navarra",
  howpublished = "\url{https://www.cun.es/diccionario-medico/terminos/vellosidad-aracnoidea#:~:text=Las%20vellosidades%20aracnoideas%20son%20peque%C3%B1as,ubicados%20entre%20las%20capas%20men%C3%ADngeas.}",
  note = "[Consultado el día 8 de mayo de 2024]"
}

@article{aepnya_article,
  title = "Psicopatología asociada al complejo Dandy Walker: descripción de un caso",
  author = "García Miralles et al",
  year = "2020",
  journal = "Revista de Psiquiatría Infanto-Juvenil",
  howpublished = "\url{https://www.aepnya.eu/index.php/revistaaepnya/article/view/316/328}",
  note = "[Consultado el 8 de mayo de 2024]"
}

@misc{chiari_malformaciones,
  title = "Malformaciones de Arnold-Chiari",
  author = "Rafael García de Sola",
  year = "2018",
  howpublished =  
  "\url{https://neurorgs.net/docencia/sesionesresidentes/malformaciones-de arnold-chiari/}",
  note = "[Consultado el 8 de mayo de 2024]"
}

@misc{chiari,
  title = "Malformación de Chiari",
  year = "2021",
  howpublished = "\url{https://www.aprendiendojuntosneuropsi.com/post/malformaci%C3%B3n-de-chiari}",
  note = "[Consultado el 8 de mayo de 2024]"
}


@misc{espina_bifida,
  title = "El Tratamiento de la Espina Bífida",
  author = "Dr. Villarejo",
  year = "2016",
  howpublished = "\url{https://www.herniasdiscalesmadrid.com/es/blog/el-tratamiento-de-la-espina-bifida/}",
  note = "[Consultado el día 8 de mayo de 2024]"
}

@misc{chiari_t2,
  title = "Qué son, tipos y diagnóstico de las malformaciones de Arnold-Chiari",
  author = "ICAC",
  year = "2022",
  howpublished = "\url{https://columna.com/malformacion-de-chiari/}",
  note = "[Consultado el día 9 de mayo de 2024]"
}

@misc{stanford_chiari,
  title = "Malformación de Chiari",
  author = "Stanford Medicine Children’s Health",
  howpublished = "\url{https://www.stanfordchildrens.org/es/topic/default?id=malformaci243n-de-chiari-90-P05702}",
  note = "[Consultado el día 9 de mayo de 2024]"
}

@misc{cdc_espina_bifida,
  title = "Datos sobre espina bífida",
  author = "Centers for Disease Control and Prevention",
  year = "2016",
  howpublished = "\url{https://www.cdc.gov/ncbddd/spanish/spinabifida/facts.html}",
  note = "[Consultado el día 9 de mayo de 2024]"
}

@misc{mayo_chiari,
  title = "Malformación de Chiari: Síntomas y Causas",
  author = "Mayo Clinic",
  year = "2023",
  howpublished = "\url{https://www.mayoclinic.org/es/diseases-conditions/chiari-malformation/symptoms-causes/syc-20354010}",
  note = "[Consultado el día 9 de mayo de 2024]"
}

@misc{msd_hidrocefalia,
  title = "Hidrocefalia",
  author = "Stephen J. Falchek",
  year = "2023",
  howpublished = "\url{https://www.msdmanuals.com/es-es/professional/pediatr%C3%ADa/anomal%C3%ADas-cong%C3%A9nitas-del-sistema-nervioso/hidrocefalia}",
  note = "[Consultado el día 9 de mayo de 2024]"
}

@article{tipos_hidrocefalia,
  title = "La Hidrocefalia Congénita. Consideraciones sobre las vías menores de producción y reabsorción del líquido cefalorraquídeo",
  author = "Ruiz et al",
  journal = "Majorensis: Revista Electrónica de Ciencia y Tecnología",
  year = "2012",
  number = "Nº. 8",
  pages = "14-20",
  issn = "1697-5529",
  howpublished = "\url{https://dialnet.unirioja.es/servlet/articulo?codigo=4731957}",
  note = "[Consultado el día 10 de mayo de 2024]"
}

@misc{wiki_hidrocefalia,
  title = "Hidrocefalia",
  author = "Wikipedia",
  year = "2023",
  howpublished = "\url{https://es.wikipedia.org/wiki/Hidrocefalia}",
  note = "[Consultado el día 10 de mayo de 2024]"
}

@misc{hnt-hidrocefalia-adultos,
  title = "La Hidrocefalia en Adultos | Hydrocephalus Association",
  author = "Jenn Bechard",
  year = "2023",
  howpublished = "\url{https://www.hydroassoc.org/la-hidrocefalia-en-adultos/}",
  note = "[Consultado el día 10 de mayo de 2024]"
}

@article{elsevier_hidrocefalia_hnt,
  title = "Reconocer la hidrocefalia normotensiva en adultos mayores",
  author = "Carolyn E. Smith",
  journal = "Nursing",
  year = "2018",
  volume = "Vol. 35",
  number = "Nº. 3",
  pages = "20-24",
  issn = "1697-5529",
  howpublished = "\url{https://www.elsevier.es/es-revista-nursing-20-articulo-reconocer-hidrocefalia-normotensiva-adultos-mayores-S0212538218300724}",
  note = "[Consultado el día 10 de mayo de 2024]"
}

@misc{sint_niños,
  title = "La hidrocefalia en niños",
  author = "I. Schlegel",
  year = "2023",
  howpublished = "\url{https://www.hydroassoc.org/la-hidrocefalia-en-ninos/}",
  note = "[Consultado el día 14 de mayo de 2024]"
}

@misc{sint_adult,
  title = "Información acerca de la hidrocefalia",
  author = "Medtronic",
  howpublished = "\url{https://www.medtronic.com/es-es/tu 
  salud/patologias/hidrocefalia.html}",
  note = "[Consultado el día 14 de mayo de 2024]"
}

@misc{eco,
  title = "Ecografías: Qué son, tipos e información. Diagnóstico",
  author = " Clínica Universidad de Navarra",
  howpublished = "\url{https://www.cun.es/enfermedades-tratamientos/pruebas-diagnosticas/ecografia}",
  note = "[Consultado el día 16 de mayo de 2024]"
}

@misc{rmn_fetal,
  title = "Resonancia Magnética fetal",
  author = "KidsHealth",
  howpublished = "\url{https://kidshealth.org/es/parents/fetal-mri.html#:~:text=%C2%BFQu%C3%A9%20es%20una%20resonancia%20magn%C3%A9tica,al%20beb%C3%A9%20a%20la%20radiaci%C3%B3n.}",
  note = "[Consultado el día 16 de mayo de 2024]"
}


@misc{eco_trans,
  title = "Ecografía Transfontanelar: Qué Es, Síntomas Y Tratamiento",
  author = "Dra. Susana Manso García",
  year = "2023",
  howpublished = "\url{https://www.topdoctors.es/diccionario-medico/ecografia-transfontanelar#Qu%C3%A9%20es%20la%20ecograf%C3%ADa%20transfontanelar}",
  note = "[Consultado el día 16 de mayo de 2024]"
}

@misc{tac,
  title = "TAC, Escáner o Tomografía Computarizada",
  author = "Clínica Universidad De Navarra",
  howpublished = "\url{https://www.cun.es/enfermedades-tratamientos/pruebas-diagnosticas/tac-escaner}",
  note = "[Consultado el día 16 de mayo de 2024]"
}

@online{vet,
  title = "Ventriculostomía",
  author = "Sociedad Española de Neurocirugía (SENEC)",
  howpublished = "\url{https://senec.es/descargas/informacion-paciente/TRPTICO_VENTRICULOSTOMIA.pdf}",
  note = "[Consultado el día 16 de mayo de 2024]"
}

@misc{derivacion,
  title = "Tratar la hidrocefalia con una derivación",
  author = "Medtronic",
  howpublished = "\url{https://www.medtronic.com/es-es/tu-salud/tratamientos-y-terapias/hidrocefalia/dispositivo.html#what-is-it}",
  note = "[Consultado el día 16 de mayo de 2024]"
}

@misc{colocacion_derivacion,
  title = "Información sobre la cirugía para la colocación de la derivación",
  author = "Memorial Sloan Kettering Cancer Center (MSKCC)",
  howpublished = "\url{https://www.mskcc.org/es/cancer-care/patient-education/about-your-ventriculoperitoneal-vp-shunt-surgery}",
  note = "[Consultado el día 16 de mayo de 2024]"
}

@article{elsevier_dva,
  title = "Tratamiento de la hidrocefalia mediante la derivaciónventriculopleural",
  author = "J. Torres Lanzas et al",
  journal = "Archivos de Bronconeumología",
  year = "2002",
  volume = "Vol. 38",
  number = "Nº. 3",
  pages = "511-514",
  howpublished = "\url{https://www.elsevier.es/es-revista-imagen-diagnostica-308-pdf-S0300289602752794}",
  note = "[Consultado el día 16 de mayo de 2024]"
}

@article{au_dcha,
  title = "Dispositivo para inserción percutánea del catéter distal en la derivación ventriculoatrial. Reporte técnico",
  author = "Jorge Arturo Santos-Franco et al",
  journal = "Neurocirugía",
  year = "2012",
  volume = "Vol. 33",
  number = "Nº. 4",
  pages = "145-150",
  howpublished = "\url{https://www.revistaneurocirugia.com/es-dispositivo-insercion-percutanea-del-cateter-articulo-S1130147312000796#:~:text=El%20sistema%20de%20derivaci%C3%B3n%20ventriculoatrial,uso%20no%20est%C3%A1%20mundialmente%20extendido}",
  note = "[Consultado el día 16 de mayo de 2024]"
}

@misc{tipos_derivacion,
  title = "Hidrocefalia crónica del adulto",
  author = "Clínica Neuros",
  howpublished = "\url{https://neuros.net/es/hidrocefalia_cronica_del_adulto/}",
  note = "[Consultado el día 16 de mayo de 2024]"
}

@misc{herr_mag,
  title = "Codman | Medirex",
  author = "Codman",
  howpublished = "\url{https://www.medirexsas.com/codman/}",
  note = "[Consultado el día 16 de mayo de 2024]"
}

@article{b4c_art,
  title = "Brain4care: monitorear la presión intracraneal sin perforación",
  author = "Gabriela Martínez",
  journal = "Innovaspain",
  year = "2020",
  howpublished = "\url{https://revistapesquisa.fapesp.br/es/cientificos-proyectan-un-sensor-de-presion-intracraneal-conectado-via-wifi/}",
  note = "[Consultado el día 17 de mayo de 2024]"
}

@misc{b4c,
  title = "Brain4care Solution",
  author = "Brain4care",
  year = "2024",
  howpublished = "\url{https://www.medirexsas.com/codman/}",
  note = "[Consultado el día 17 de mayo de 2024]"
}

@article{curitibaa,
  title = "Científicos proyectan un sensor de presión intracraneal conectado vía wifi",
  author = "Domingos Zaparolli",
  journal = "Revista Pesquisa",
  year = "2023",
  howpublished = "\url{https://www.medirexsas.com/codman/}",
  note = "[Consultado el día 17 de mayo de 2024]"
} 
@misc{safeicp,
  title = "Nace el proyecto SafeICP para crear un monitor inteligente para medir la presión intracraneal de forma no invasiva",
  author = "Hospital Universitario Vall d'Hebron",
  year = "2023",
  howpublished = "\url{https://www.vallhebron.com/es/actualidad/noticias/nace-el-proyecto-safeicp-para-crear-un-monitor-inteligente-para-medir-la-presion-intracraneal-de-forma-no-invasiva}",
  note = "[Consultado el día 17 de mayo de 2024]"
}

@misc{safe,
  title = "SafeICP: desarrollo de un monitor del flujo sanguíneo cerebral microvascular seguro, fácil de operar y de bajo costo, junto a la cama",
  author = "SafeICP",
  howpublished = "\url{https://safeicp.es/}",
  note = "[Consultado el día 17 de mayo de 2024]"
}

@misc{raumedic,
  title = "NEUROVENT-p-tel for measuring intracranial pressure in the brain",
  author = "RAUMEDIC",
  howpublished = "\url{https://www.raumedic.com/applicationareas/neuromonitoring/neuro-icu/telemetry}",
  note = "[Consultado el día 17 de mayo de 2024]"
}

@misc{parenquima,
  title = "Qué es Parénquima - Diccionario Médico Clínica U. Navarra",
  author = "Clínica Universidad de Navarra",
  howpublished = "\url{https://www.cun.es/diccionario-medico/terminos/parenquima}",
  note = "[Consultado el día 18 de mayo de 2024]"
}

@misc{rfid,
  title = "Qué es RFID",
  author = "Dipole",
  howpublished = "\url{https://www.dipolerfid.es/blog-rfid/que-es-rfid#:~:text=La%20Identificaci%C3%B3n%20por%20Radio%20Frecuencia,de%20objetos%20a%20la%20vez.}",
  note = "[Consultado el día 18 de mayo de 2024]"
}

@misc{overleaf,
  title = {Learn LaTeX in 30 minutes},
  author = {Overleaf},
  howpublished = "\url{https://www.overleaf.com/learn/latex/Learn_LaTeX_in_30_minutes#What_is_LaTeX?}",
  note = "[Consultado el día 20 de mayo de 2024]"
}

@misc{github,
  title = {Acerca De GitHub Y Git - Documentación De GitHub},
  author = {GitHub},
  howpublished = "\url{https://docs.github.com/es/get-started/start-your-journey/about-github-and-git}",
  note = "[Consultado el día 20 de mayo de 2024]"
}

@misc{arduino,
  title = {Qué es Arduino, cómo funciona y qué puedes hacer con uno},
  author = {Yúbal Fernández},
  year = "2022",
  howpublished = "\url{https://www.xataka.com/basics/que-arduino-como-funciona-que-puedes-hacer-uno}",
  note = "[Consultado el día 20 de mayo de 2024]"
}

@misc{biorender,
  title = {Guía temática del Grado en Biotecnología},
  author = {Universidad de León},
  howpublished = "\url{https://biblioteca.unileon.es/c.php?g=692039&p=4959031#:~:text=BioRender%20es%20un%20programa%20online,neurociencias%2C%20inmunolog%C3%ADa%2C%20entre%20otros.}",
  note = "[Consultado el día 20 de mayo de 2024]"
}

@misc{placa,
  title = {Arduino UNO R3},
  year = "2024",
  howpublished = "\url{https://paraarduino.com/placas/arduino-uno-r3/#:~:text=Arduino%20UNO%20R3%20es%20una,el%20microcontrolador%20si%20va%20soldado.}",
  note = "[Consultado el día 20 de mayo de 2024]"
}

@misc{cables,
  title = {Cables Arduino macho-hembra},
  author = {GitBook},
  year = "2024",
  howpublished = "\url{https://catedu.github.io/escornabots-curso/chapter1/cables-arduino-macho-hembra.html}",
  note = "[Consultado el día 20 de mayo de 2024]"
}

@misc{npx,
  title = {MPX5010DP Sensor de presión diferencial},
  howpublished = "\url{https://es.farnell.com/nxp/mpx5010dp/ic-pressure-sensor/dp/1555605}",
  note = "[Consultado el día 20 de mayo de 2024]"
}

@misc{npx_,
  title = {Medidor de Nivel de Agua por Presión con Arduino},
  author ={Sergio Andres Castaño Giraldo},
  howpublished = "\url{https://controlautomaticoeducacion.com/arduino/medidor-de-nivel-de-agua-por-presion-con-arduino/#Sensor_de_Presion_MPX5010DP}",
  note = "[Consultado el día 20 de mayo de 2024]"
}

@misc{rele,
  title = {El Relé: para qué es, para qué sirve y qué tipos existen},
  author ={SEAS, Estudios Superiores Abiertos},
  year = "2022",
  howpublished = "\url{https://www.seas.es/blog/automatizacion/el-rele-para-que-es-para-que-sirve-y-que-tipos-existen/}",
  note = "[Consultado el día 21 de mayo de 2024]"
}

@misc{telemetria,
  title = {Qué es la telemetría y sus aplicaciones},
  author ={Sitrack},
  howpublished = "\url{https://landing.sitrack.com/telemetria-y-sus-aplicaciones}",
  note = "[Consultado el día 22 de mayo de 2024]"
}

@misc{neurocirugía,
  title = {Neurocirugía, qué es y cuándo acudir a un neurocirujano},
  author ={Recoletas},
  year = "2022",
  howpublished = "\url{https://www.gruporecoletas.com/noticias/neurocirugia-que-es-y-cuando-acudir-neurocirujano/#:~:text=a%20un%20especialista%3F-,%C2%BFQu%C3%A9%20es%20la%20Neurocirug%C3%ADa%3F,sistema%20nervioso%20y%20sus%20cubiertas.}",
  note = "[Consultado el día 22 de mayo de 2024]"
}

@misc{presion,
  title = {Presión manométrica. Industrias GSL.},
  year = "2022",
  howpublished = "\url{https://industriasgsl.com/blogs/automatizacion/presion-manometrica#:~:text=Presi%C3%B3n%20manom%C3%A9trica%3A%20Es%20medida%20en,cualquier%20y%20la%20presi%C3%B3n%20atmosf%C3%A9rica.}",
  note = "[Consultado el día 22 de mayo de 2024]"
}

@misc{titanio,
  title = {Titanio en medicina: usos y propiedades},
  author = {IDUN Medicina Estética},
  year = "2024",
  howpublished = "\url{https://idunmedicinaestetica.es/titanio-usos-en-la-medicina/#:~:text=Propiedades%20del%20titanio,-El%20titanio%20es&text=Es%20altamente%20resistente%20a%20la,titanio%20en%20el%20sistema%20inmunol%C3%B3gico.}",
  note = "[Consultado el día 22 de mayo de 2024]"
}

@misc{hipoalergenico,
  title = {hipoalergénico, hipoalergénica | Diccionario de la lengua española},
  author = {Real Academia Española},
  howpublished = "\url{https://dle.rae.es/hipoalerg%C3%A9nico}",
  note = "[Consultado el día 22 de mayo de 2024]"
}


@misc{silicona,
  title = {¿Por qué usar la Silicona como alternativa al plástico?},
  author = {Cero Residuo},
  year = "2023",
  howpublished = "\url{https://www.ceroresiduo.com/silicona-alternativa-plastico/#:~:text=La%20silicona%20de%20grado%20m%C3%A9dico,de%20l%C3%A1tex%20y%20de%20toxinas.}",
  note = "[Consultado el día 22 de mayo de 2024]"
}


@misc{radiopaco,
  title = {Qué es radiopaco},
  author = {Clínica Universidad de Navarra},
  howpublished = "\url{https://www.cun.es/diccionario-medico/terminos/radioopaco#:~:text=El%20t%C3%A9rmino%20%22radioopaco%22%20en%20Medicina,otras%20formas%20de%20radiaci%C3%B3n%20ionizante.}",
  note = "[Consultado el día 22 de mayo de 2024]"
}

@misc{med_per,
  title = {Medicina personalizada},
  author = {Roche},
  howpublished = "\url{https://www.roche.es/sobre-roche/estrategia/medicina-personalizada}",
  note = "[Consultado el día 28 de mayo de 2024]"
}

@misc{homeostasis,
  title = {La homeostasis ¿Qué es? ¿Cómo recuperarla?},
  author = {Neurosce},
  year = "2023",
  howpublished = "\url{https://neuroscenter.com/blog/la-homeostasis/}",
  note = "[Consultado el día 28 de mayo de 2024]"
} 

@misc{unfold,
  title = {Unfold: Editor de foto y video},
  author = {App Store},
  year = "2017",
  howpublished = "\url{https://apps.apple.com/es/app/unfold-editor-de-foto-y-video/id1247275033}",
  note = "[Consultado el día 7 de junio de 2024]"
}